% This file was created with JabRef 2.8.1.
% Encoding: ISO8859_1

@MISC{Schmid94probabilisticpart-of-speech,
    author = {Helmut Schmid},
    title = {Probabilistic Part-of-Speech Tagging Using Decision Trees},
    year = {1994}
}


@article{DBLP:journals/corr/abs-1301-3781,
  author    = {Tomas Mikolov and
               Kai Chen and
               Greg Corrado and
               Jeffrey Dean},
  title     = {Efficient Estimation of Word Representations in Vector Space},
  journal   = {CoRR},
  volume    = {abs/1301.3781},
  year      = {2013},
  url       = {http://arxiv.org/abs/1301.3781},
  archivePrefix = {arXiv},
  eprint    = {1301.3781},
  timestamp = {Wed, 07 Jun 2017 14:42:25 +0200},
  biburl    = {http://dblp.org/rec/bib/journals/corr/abs-1301-3781},
  bibsource = {dblp computer science bibliography, http://dblp.org}
}


@INPROCEEDINGS{DBLP:conf/ijcai/CalvaneseGLLR07,
  author = {D. Calvanese and G. {De Giacomo} and D. Lembo and M. Lenzerini and
	R. Rosati},
  title = {{EQL-Lite: Effective First-Order Query Processing in Description
	Logics}},
  booktitle = {Proc.\ IJACI 2007},
  year = {2007},
  editor = {M. M. Veloso},
  pages = {274--279},
  address = {Hyderabad, India},
  month = {January 6-12}
}

@PHDTHESIS{DeGi95a,
  author = {G. {De~Giacomo}},
  title = {Decidability of Class-Based Knowledge Representation Formalisms},
  school = {Dipartimento di Informatica e Sistemistica, Universita' di Roma ``La
	Sapienza''},
  year = {1995}
}

@MastersThesis{HindSoukane:Thesis:2015,
    author     =     {Hind Soukane},
    title     =     {{Visualisation du r\'eseau de distribution
\'electrique \`a l'aide de techniques issues du
web s\'emantique}},
    school     =     {UPEC},
    address     =     {France},
    year     =     {2015},
    }

@article{valsecchilinked,
  title={Linked Data Maps: Providing a Visual Entry Point for the Exploration of Datasets},
  author={Valsecchi, Fabio and Abrate, Matteo and Bacciu, Clara and Tesconi, Maurizio and Marchetti, Andrea}
}

@ARTICLE{GHMS12a,
  author = {B. Glimm and I. Horrocks and B. Motik and R. Shearer and G. Stoilos},
  title = {{A Novel Approach to Ontology Classification}},
  journal = {Journal of Web Semantics},
  year = {2012},
  volume = {14},
  pages = {84--101},
}

@ARTICLE{HoBe11a,
  author = {M. Horridge and S. Bechhofer},
  title = {{The OWL API: A Java API for OWL ontologies}},
  journal = {Semantic Web Journal},
  year = {2011},
  volume = {2},
  pages = {11--21},
  number = {1},
}

@INPROCEEDINGS{mhs06happily,
  author = {B. Motik and I. Horrocks and R. Rosati and U. Sattler},
  title = {{Can OWL and Logic Programming Live Together Happily Ever After?}},
  booktitle = {Proc.\ ISWC 2006},
  year = {2006},
  volume = {4273},
  series = {LNCS},
  pages = {501--514},
  address = {Athens, GA, USA},
  month = {November 5--9},
  publisher = {Springer}
}

@ARTICLE{Boris09a,
  author = {B. Motik and R. Shearer and I. Horrocks},
  title = {Hypertableau Reasoning for Description Logics},
  journal = {Journal of Artificial Intelligence Research},
  year = {2009},
  volume = {36},
  pages = {165--228}
}


@BOOK{SPARQL11Overview,
  title = {{SPARQL 1.1 Overview}},
  year = {2013},
  month = {21 March},
}

@BOOK{owl2-primer,
  title = {{OWL~2 Web Ontology Language: Primer}},
  year = {2009},
  editor = {P. Hitzler and M. Kr\"o{}tzsch and B. Parsia and P. F. Patel-Schneider and S. Rudolph},
  month = {27 October},
}

@BOOK{owl2-manchester-syntax,
  title = {{OWL~2 Web Ontology Language: Manchester Syntax}},
  year = {18 October 2012},
  editor = {M. Horridge and P. F. Patel-Schneider},
}

@BOOK{rdf-primer,
  title = {{Resource Description Framework (RDF): Primer}},
  year = {2004},
  editor = {F. Manola and E. Miller},
  month = {10 February},
}

@MANUAL{onto-graph,
  title = {{Ontograph}},
  author = {S. Falconer},
  note = {\url{http://protegewiki.stanford.edu/wiki/OntoGraf}},
}

@MANUAL{owl-viz,
  title = {{A visualisation plugin for the Prot\'eg\'e OWL Plugin}},
  author = {M. Horridge},
  note = {\url{http://www.co-ode.org/downloads/owlviz/OWLVizGuide.pdf}},
  year = {2004},
}

@inproceedings{conf/samt/HeimHLLS09,
  added-at = {2010-06-17T09:31:40.000+0200},
  author = {Heim, Philipp and Hellmann, Sebastian and Lehmann, Jens and Lohmann, Steffen and Stegemann, Timo},
  biburl = {http://www.bibsonomy.org/bibtex/26b0d0c22560f017ad1aac5938daaf70c/niccip},
  booktitle = {SAMT},
  crossref = {conf/samt/2009},
  date = {2009-11-25},
  description = {BibSonomy :: bibtex :: RelFinder: Revealing Relationships in RDF Knowledge Bases.},
  editor = {Chua, Tat-Seng and Kompatsiaris, Yiannis and M\'erialdo, Bernard and Haas, Werner and Thallinger, Georg and Bailer, Werner},
  ee = {http://dx.doi.org/10.1007/978-3-642-10543-2_21},
  interhash = {8ed6c0383d08d363e6bb87250fd896cf},
  intrahash = {6b0d0c22560f017ad1aac5938daaf70c},
  isbn = {978-3-642-10542-5},
  keywords = {knowledge rdf relationships relfinder revealing semantic web},
  pages = {182-187},
  publisher = {Springer},
  series = {Lecture Notes in Computer Science},
  timestamp = {2010-06-17T09:31:40.000+0200},
  title = {RelFinder: Revealing Relationships in RDF Knowledge Bases.},
  url = {http://dblp.uni-trier.de/db/conf/samt/samt2009.html#HeimHLLS09},
  volume = 5887,
  year = 2009
}

@MANUAL{owlprofiles,
  title = {{OWL 2 Web Ontology Language Profiles (Second Edition)}},
  author = {Boris Motik and Bernardo Cuenca Grau and Ian Horrocks and Zhe Wu and Achille Fokoue and Carsten Lutz },
  note = {\url{http://www.w3.org/TR/owl2-profiles}},
  year = 2009
}

@MANUAL{qudt,
  title = {{QUDT - Quantities, Units, Dimensions and Data Types Ontologies}},
  author = {Ralph Hodgson and Paul J. Keller and Jack Hodges and Jack Spivak },
  note = {http://www.qudt.org}},
}

@MANUAL{d3js,
  title = {{d3js : Data-Driven Documents}},
  author = {Mike Bostock},
  note = {http://d3js.org}
},
}
@MANUAL{RDF4U,
  title = {{RDF4U : Tutorial}},
  author = {Hideaki Takeda and Rathachai Chawuthai},
  note = {http://rc.lodac.nii.ac.jp/rdf4u},
}
@InProceedings{mnpho14parallel-materialisation-RDFox,
    author = "Boris Motik and Yavor Nenov and Robert Piro and Ian Horrocks and Dan Olteanu",
    title = "{Parallel Materialisation of Datalog Programs in Centralised, Main-Memory RDF Systems}",
    booktitle = "Proc. of the 28th AAAI Conf. on Artificial Intelligence (AAAI 2014)",
    editor = "Carla E. Brodley and Peter Stone",
    address = "Qu{\'e}bec City, Qu{\'e}bec, Canada",
    month = "July 27--31",
    year = "2014",
    publisher = "AAAI Press",
    pages = "129--137",
}

@inproceedings{Dunne:2013:MSI:2470654.2466444,
 author = {Dunne, Cody and Shneiderman, Ben},
 title = {Motif Simplification: Improving Network Visualization Readability with Fan, Connector, and Clique Glyphs},
 booktitle = {Proceedings of the SIGCHI Conference on Human Factors in Computing Systems},
 series = {CHI '13},
 year = {2013},
 isbn = {978-1-4503-1899-0},
 location = {Paris, France},
 pages = {3247--3256},
 numpages = {10},
 url = {http://doi.acm.org/10.1145/2470654.2466444},
 doi = {10.1145/2470654.2466444},
 acmid = {2466444},
 publisher = {ACM},
 address = {New York, NY, USA},
 keywords = {graph drawing, motif simplification, network visualization, node-link diagram, visual analytics},
}
@inproceedings{cikm2014-Zheleznyakov,
  title = "Faceted Search over Ontology-Enhanced RDF Data",
  author = "Marcelo Arenas and Bernardo Cuenca Grau and Evgeny Kharlamov and \v{S}ar\={u}nas Marciu\v{s}ka and Dmitriy Zheleznyakov",
  year = "2014",
  booktitle = "Proc.\ ACM International Conference on Information and Knowledge Management (CIKM)",
  pages = "939-948",
}

@inproceedings{vowl2,
  author    = {Steffen Lohmann and
               Stefan Negru and
               Florian Haag and
               Thomas Ertl},
  title     = {{VOWL} 2: User-Oriented Visualization of Ontologies},
  booktitle = {Knowledge Engineering and Knowledge Management - 19th International
               Conference, {EKAW} 2014, Link{\"{o}}ping, Sweden, November 24-28,
               2014. Proceedings},
  pages     = {266--281},
  year      = {2014},
  crossref  = {DBLP:conf/ekaw/2014},
  url       = {http://dx.doi.org/10.1007/978-3-319-13704-9_21},
  doi       = {10.1007/978-3-319-13704-9_21},
  timestamp = {Mon, 03 Nov 2014 13:43:49 +0100},
  biburl    = {http://dblp.uni-trier.de/rec/bib/conf/ekaw/LohmannNHE14},
  bibsource = {dblp computer science bibliography, http://dblp.org}
}

@inproceedings{DBLP:conf/ieeevast/LiebigNH09,
  author    = {Thorsten Liebig and
               Olaf Noppens and
               Friedrich W. von Henke},
  title     = {VIScover: Visualizing, exploring, and analysing structured data},
  booktitle = {Proceedings of the {IEEE} Symposium on Visual Analytics Science and
               Technology, {IEEE} {VAST} 2009, Atlantic City, New Jersey, USA, 11-16
               October 2009, part of VisWeek 2009},
  pages     = {259--260},
  year      = {2009},
  crossref  = {DBLP:conf/ieeevast/2009},
  url       = {http://dx.doi.org/10.1109/VAST.2009.5333946},
  doi       = {10.1109/VAST.2009.5333946},
  timestamp = {Tue, 18 Nov 2014 16:59:05 +0100},
  biburl    = {http://dblp2.uni-trier.de/rec/bib/conf/ieeevast/LiebigNH09},
  bibsource = {dblp computer science bibliography, http://dblp.org}
}

@MANUAL{gravity,
  title = {{RDF Gravity (RDF Graph Visualization Tool)}},
  author = {Sunil Goyal and Rupert Westenthaler},
  note = {http://semweb.salzburgresearch.at/apps/rdf-gravity},
}


@comment{jabref-meta: selector_review:}

@comment{jabref-meta: selector_publisher:}

@comment{jabref-meta: selector_author:}

@comment{jabref-meta: selector_journal:}

@comment{jabref-meta: selector_keywords:}
